%% This BibTeX bibliography file was created using BibDesk.
%% http://bibdesk.sourceforge.net/


%% Created for Nacho at 2011-04-01 11:38:44 +0200


%% Saved with string encoding Unicode (UTF-8)



@manual{securingyourraspberrypi,
    Author = {Raspberry Pi Foundation},
    title = {Securing your Raspberry Pi},
	url = {\url{https://www.raspberrypi.org/documentation/configuration/security.md}},
    note = {Accessed: 2015-10-12},
	lastchecked={2019}
}

@manual{raspberrypiasaccesspoint,
    Author = {Raspberry Pi Foundation},
    title = {Securing your Raspberry Pi},
	url = {\url{https://www.raspberrypi.org/documentation/configuration/wireless/access-point.md}},
    note = {Accessed: 2015-10-12},
	lastchecked={2019}
}

@manual{pubsubclientapi,
    Author = {Nick O'Leary},
    title = {Arduino Client for MQTT},
	url = {\url{https://pubsubclient.knolleary.net/index.html}},
	lastchecked={2019}
}

@misc{x10protocolwikipedia,
    Author = {Wikipedia Comunity},
    title = {Protocolo de comunicación X10},
	url = {\url{https://es.wikipedia.org/wiki/X10}},
    note = {Accessed: 2019-04-07}
}

@misc{whatisfiware,
    Author = {FIWARE FOUNDATION},
    title = {What is Fiware},
	url = {\url{https://www.fiware.org/developers/}},
    note = {Accessed: 2019-04-09}
}

@misc{openHabRaspberryPi,
    Author = {openHAB Community},
    title = {What is Fiware},
	url = {\url{https://www.openhab.org/docs/installation/rasppi.html}},
    note = {Accessed: 2019-04-10},
	lastchecked={}
}

@Misc{eprint49443,
	Author = {Jarne Brun, Jorge},
	School = {Universidad complutense de Madrid},
	Title = {Smart Home usando IoT y Chatbots },
	Year = {2018}}

@misc{mainfluxdoc,
	Author = {Drasko DRASKOVIC},
	url = {\URL{https://mainflux.readthedocs.io/en/latest/}},
	Note = {(Drasko DRASKOVIC in the role of BDFL)},
	Year = {2019}}

@Misc{lignuxComparative,
    Title = {Comparativa Raspberry pi, Odroid, Banana pi y Matrix ARM},
	Author = {Noel},
	url = {\URL{https://lignux.com/comparativa-raspberry-pi-odroid-banana-pi-y-matrix-arm/}},
	Note = {(Comparativa Raspberry pi, Odroid, Banana pi y Matrix ARM)},
	Year = {2015}}
	
@misc{raspberry_schematics,
    Author = {Raspberry Pi Foundation},
    url = {\URL{\https://www.raspberrypi.org/documentation/hardware/raspberrypi/schematics/rpi_SCH_3b_1p2_reduced.pdf}},
    Note = {(Esquemática de raspberry Pi Modelo 3B)},
    lastchecked={2019}
    }
    
@misc{incibe_zigbee,
    Author = {S.M.E. Instituto nacional de ciberseguridad de España M.P SA},
    url = {\URL{https://www.incibe-cert.es/blog/seguridad-comunicaciones-zigbee}},
    Note = {(Pruebas de laboratorio para estandar Zigbee)},
    lastchecked={2019}
    }

 
@article{wifiatenuation,
	Author = {DanielB.Faria},
	Title = {ModelingSignalAttenuationinIEEE802.11WirelessLANs-Vol. 1},
    url = {\URL{https://pdfs.semanticscholar.org/5d18/474f224f4879a3765598713bae93f9e9c11d.pdf}},
    Journal = {JCP},
	Year = {1991}
    }